@BOOK{lam2006compilers,
  title={Compilers: Principles, Techniques, and Tools},
  author={Lam, Monica and Sethi, Ravi and Ullman, JD and Aho, Alfred},
  year={2006},
  publisher={Addison-Wesley}
}

@phdthesis{stocker2010scala,
  title={Scala Refactoring},
  author={Stocker, Mirko},
  year={2010},
  school={HSR Hochschule f{\"u}r Technik Rapperswil}
}

@TECHREPORT{demarne2014scala,
  title={Scala AST Persistence},
  author={Demarne, Mathieu and Ghosn, Adrien and Burmako, Eugene},
  year={2014}
}

@ARTICLE{scalamacros,
  author = {Eugene Burmako},
  title = "Scala Macros",
  journal = {http://docs.scala-lang.org},
  year = 2011
}

@ARTICLE{symboltreestypes,
  title = {Symbol, Trees, and Types},
  journal = {http://docs.scala-lang.org/overviews/reflection/symbols-trees-types.html},
  year = 2011
}

@INCOLLECTION{burmako2013scala,
  title={Scala Macros: Let Our Powers Combine!: On How Rich Syntax and Static Types Work with Metaprogramming},
  author={Burmako, Eugene},
  booktitle={Proceedings of the 4th Workshop on Scala},
  pages={3},
  year={2013},
  organization={ACM}
}

@misc{odersky2004scala,
  title={The Scala Language Specification},
  author={Odersky, Martin and Altherr, Philippe and Cremet, Vincent and Emir, Burak and Micheloud, Stphane and Mihaylov, Nikolay and Schinz, Michel and Stenman, Erik and Zenger, Matthias},
  year={2004}
}

@inproceedings{allen1970control,
  title={Control flow analysis},
  author={Allen, Frances E},
  booktitle={ACM Sigplan Notices},
  volume={5},
  number={7},
  pages={1--19},
  year={1970},
  organization={ACM}
}